%% LaTeX2e file `lesson-03.bib'
%% generated by the `filecontents' environment
%% from source `lesson-03' on 2020/03/09.
%%
  @book{barber2012,
    title={Bayesian Reasoning and Machine Learning},
    author={Barber, D},
    year={2012},
    publisher={Cambridge University Press},
  }
  @book{murphy2012,
    title={Machine Learning: A Probabilistic Perspective},
    author={Murphy, Kevin P},
    pages={27--33},
    year={2012},
    publisher={The MIT Press},
  }
