%% LaTeX2e file `lesson-04.bib'
%% generated by the `filecontents' environment
%% from source `lesson-04' on 2020/03/11.
%%
  @article{Burt1983,
    title={A multiresolution spline with application to image mosaics},
    author={Burt, Peter J and Adelson, Edward H},
    journal={ACM Transactions on Graphics (TOG)},
    volume={2},
    number={4},
    pages={217--236},
    year={1983},
    publisher={ACM},
    url={http://persci.mit.edu/pub_pdfs/spline83.pdf}
  }
